@ARTICLE{ferdi,
author={Ferdi, Y. and Taleb-Ahmed, A. and Lakehal, M.R.},
journal={\bf IEEE Transactions on Circuits and Systems}, 
title={Efficient Generation of 1/$f^{\beta}$ Noise Using Signal Modeling Techniques},
year={2008},
month={July},
volume={55},
number={6},
pages={1704-1710},
}
