@book{kosko1997fuzzy,
  title={Fuzzy engineering},
  author={Kosko, Bart},
  year={1997},
  publisher={Prentice-Hall, Inc.}
}
@book{haykin2001redes,
  title={Redes neurais},
  author={Haykin, Simon},
  year={2001},
  publisher={Grupo A}
}
@book{shiffman2012nature,
  title={The Nature of Code},
  author={Shiffman, Daniel and Fry, Shannon and Marsh, Zannah},
  year={2012},
  publisher={D. Shiffman}
}

@book{doringo2004ant,
 author = {Dorigo, Marco and St\"{U}tzle, Thomas},
 title = {Ant Colony Optimization},
 year = {2004},
 isbn = {0262042193},
 publisher = {Bradford Book},
}

@article{bertsimas1993simulated,
  title={Simulated annealing},
  author={Bertsimas, Dimitris and Tsitsiklis, John},
  journal={Statistical Science},
  pages={10--15},
  year={1993},
  publisher={JSTOR}
}
