@book{kosko1997fuzzy,
  author="Bart {Kosko}",
  title="Fuzzy engineering",
  publisher="Prentice-Hall, Inc.",
  year="1997"
}
