@book{kosko1997fuzzy,
  title={Fuzzy engineering},
  author={Kosko, Bart},
  year={1997},
  publisher={Prentice-Hall, Inc.}
}
